
%%%%%%%%%%%%%%%%%%%%%%%%%%%%%%%%%%%%%%%%%%%%%%%%%%%%%%%%%%%%%%%%%
% Papers, Reports and RFCs
%%%%%%%%%%%%%%%%%%%%%%%%%%%%%%%%%%%%%%%%%%%%%%%%%%%%%%%%%%%%%%%%%
@Report{KNoT,
title = {{A lightweight protocol for constrained devices for use in the Internet of Things paradigm}},
author = {F.W. Leahy},
year = {2013},
note = {University of Glasgow 4th Year Dissertation}
}
@Report{IETF_CORE,
title = {{IETF, Constrained RESTful Environments - Resource Discovery}},
author = {Z. Shelby},
year = {2012},
note = {RFC6690, 1.2.1}
}
@Report{IETF_COAP_HTTP,
title = {{CoAP to HTTP mapping}},
author = {Castellani},
howpublished ={\url{https://datatracker.ietf.org/doc/draft-castellani-core-http-mapping/}},
note = {Accessed: 21/03/2013}
}

@article{brundell2011w,
  title={W-MUST'11 Best Papers-The Network From Above and Below},
  author={Brundell, Patrick and Crabtre, Andrew and Mortier, Richard and Rodden, Tom and Tennent, Paul and Tolmie, Peter},
  journal={SIGCOMM-Computer Communication Review},
  volume={41},
  number={4},
  pages={519},
  year={2011}
}

@inproceedings{brown2013multinet,
  title={MultiNet: reducing interaction overhead in domestic wireless networks},
  author={Brown, Anthony and Mortier, Richard and Rodden, Tom},
  booktitle={Proceedings of the SIGCHI Conference on Human Factors in Computing Systems},
  pages={1569--1578},
  year={2013},
  organization={ACM}
}


%%%%%%%%%%%%%%%%%%%%%%%%%%%%%%%%%%%%%%%%%%%%%%%%%%%%%%%%%%%%%%%%%
% Websites, web articles
%%%%%%%%%%%%%%%%%%%%%%%%%%%%%%%%%%%%%%%%%%%%%%%%%%%%%%%%%%%%%%%%%

@Misc{2013IoT,
title = {{2013: The year of the Internet of Things}},
howpublished = {\url{http://www.technologyreview.com/view/509546/2013-the-year-of-the-internet-of-things/}},
note = {Accessed: 21/03/2013}
}

@Misc{2013IoT,
title = {{2013: The year of the Internet of Things}},
howpublished = {\url{http://www.technologyreview.com/view/509546/2013-the-year-of-the-internet-of-things/}},
note = {Accessed: 21/03/2013}
}

@Misc{SmartThings,
title = {{Smart Things IoT platform}},
howpublished = {\url{http://smartthings.com/}},
note = {Accessed: 21/03/2013}
}

@Misc{Twine,
title = {{Twine ``Internet of Things'' Thing}},
howpublished = {\url{http://supermechanical.com/}},
note = {Accessed: 21/03/2013}
}

