% This file was created with JabRef 2.10b2.
% Encoding: UTF-8


@InProceedings{brown2013multinet,
  Title                    = {MultiNet: Reducing Interaction Overhead in Domestic Wireless Networks},
  Author                   = {Brown, Anthony and Mortier, Richard and Rodden, Tom},
  Booktitle                = {Proc. of the SIGCHI Conference on Human Factors in Computing Systems},
  Year                     = {2013},

  Address                  = {New York, NY, USA},
  Pages                    = {1569--1578},
  Publisher                = {ACM},
  Series                   = {CHI '13},

  Acmid                    = {2466208},
  Doi                      = {10.1145/2470654.2466208},
  ISBN                     = {978-1-4503-1899-0},
  Keywords                 = {802.11, domestic environments, usable security},
  Location                 = {Paris, France},
  Numpages                 = {10},
}

@Article{brundell2011w,
  Title                    = {W-MUST'11 Best Papers-The Network From Above and Below},
  Author                   = {Brundell, Patrick and Crabtre, Andrew and Mortier, Richard and Rodden, Tom and Tennent, Paul and Tolmie, Peter},
  Journal                  = {SIGCOMM-Computer Communication Review},
  Year                     = {2011},
  Number                   = {4},
  Pages                    = {519},
  Volume                   = {41}
}

@InCollection{ContikiSec,
  Title                    = {ContikiSec: A Secure Network Layer for Wireless Sensor Networks under the Contiki Operating System},
  Author                   = {Casado, Lander and Tsigas, Philippas},
  Booktitle                = {Identity and Privacy in the Internet Age},
  Publisher                = {Springer Berlin Heidelberg},
  Year                     = {2009},
  Editor                   = {JÃ¸sang, Audun and Maseng, Torleiv and Knapskog, SveinJohan},
  Pages                    = {133-147},
  Series                   = {Lecture Notes in Computer Science},
  Volume                   = {5838},

  Doi                      = {10.1007/978-3-642-04766-4_10},
  ISBN                     = {978-3-642-04765-7},
  Keywords                 = {Wireless Sensor Networks Security; Link Layer Security},
}

@electronic{IETF_COAP_HTTP,
  Title                    = {{CoAP to HTTP mapping}},
  Author                   = {Castellani},
  HowPublished             = {\url{https://datatracker.ietf.org/doc/draft-castellani-core-http-mapping/}},
  Note                     = {Accessed: 21/03/2013}
}

@Article{Du:2005:PKP:1065545.1065548,
  Title                    = {A Pairwise Key Predistribution Scheme for Wireless Sensor Networks},
  Author                   = {Du, Wenliang and Deng, Jing and Han, Yunghsiang S. and Varshney, Pramod K. and Katz, Jonathan and Khalili, Aram},
  Journal                  = {ACM Trans. Inf. Syst. Secur.},
  Year                     = {2005},

  Month                    = may,
  Number                   = {2},
  Pages                    = {228--258},
  Volume                   = {8},

  Acmid                    = {1065548},
  Address                  = {New York, NY, USA},
  Doi                      = {10.1145/1065545.1065548},
  File                     = {:literature/./A Pairwise Key Predistribution Scheme For Wireless Sensor Networks - Du, Deng.pdf:PDF},
  ISSN                     = {1094-9224},
  Issue_date               = {May 2005},
  Keywords                 = {Wireless sensor networks, key predistribution, security},
  Numpages                 = {31},
  Publisher                = {ACM},
}

@InProceedings{TinySec,
  Title                    = {TinySec: A Link Layer Security Architecture for Wireless Sensor Networks},
  Author                   = {Karlof, Chris and Sastry, Naveen and Wagner, David},
  Booktitle                = {Proc. of the 2Nd International Conference on Embedded Networked Sensor Systems},
  Year                     = {2004},

  Address                  = {New York, NY, USA},
  Pages                    = {162--175},
  Publisher                = {ACM},
  Series                   = {SenSys '04},

  Acmid                    = {1031515},
  Doi                      = {10.1145/1031495.1031515},
  File                     = {:literature/./TinySec - Karlof.pdf:PDF},
  ISBN                     = {1-58113-879-2},
  Keywords                 = {link layer security, sensor network security},
  Location                 = {Baltimore, MD, USA},
  Numpages                 = {14},
}

@Article{Karlof_Wagner_2003,
  Title                    = {Secure routing in wireless sensor networks: attacks and countermeasures},
  Author                   = {Karlof, Chris and Wagner, David},
  Journal                  = {Ad Hoc Networks},
  Year                     = {2003},

  Month                    = {Sep},
  Number                   = {2-3},
  Pages                    = {293-315},
  Volume                   = {1},

  Doi                      = {10.1016/S1570-8705(03)00008-8},
  File                     = {:literature/./Secure Routing in Wireless Sensor Networks - Karlof, Wagner.pdf:PDF},
  Publisher                = {Elsevier },
}

@InProceedings{DEBSChallenge,
  Title                    = {{DEBS Grand Challenge: Glasgow automata illustrated}},
  Author                   = {A. Koliousis and J. Sventek},
  Booktitle                = {6th ACM International Conference on Distributed Event-Based Systems},
  Year                     = {2012},
  Month                    = {July},

  Abstract                 = {The challenge is solved using Glasgow automata, concise complex event processing engines executable in the context of a topic-based publish/subscribe cache of event streams and relations. The imperative programming style of the Glasgow Automaton Programming Language (GAPL) enables multiple, efficient realisations of the two challenge queries.},
  Url                      = {http://eprints.gla.ac.uk/69026/}
}

@InProceedings{MessageBottle,
  Title                    = {Message-in-a-bottle: User-friendly and Secure Key Deployment for Sensor Nodes},
  Author                   = {Kuo, Cynthia and Luk, Mark and Negi, Rohit and Perrig, Adrian},
  Booktitle                = {Proc. of the 5th International Conference on Embedded Networked Sensor Systems},
  Year                     = {2007},

  Address                  = {New York, NY, USA},
  Pages                    = {233--246},
  Publisher                = {ACM},
  Series                   = {SenSys '07},

  Acmid                    = {1322286},
  Doi                      = {10.1145/1322263.1322286},
  ISBN                     = {978-1-59593-763-6},
  Keywords                 = {Faraday cage, human error, key deployment, sensor network, wireless communication},
  Location                 = {Sydney, Australia},
  Numpages                 = {14},
}

@TechReport{KNoT,
  Title                    = {{A lightweight protocol for constrained devices for use in the Internet of Things paradigm}},
  Author                   = {F. Leahy},
  Institution              = {University of Glasgow},
  Year                     = {2013},
  Note                     = {4th Year Dissertation}
}

@InCollection{SkipjackRecommendation,
  Title                    = {Selecting Cryptographic Key Sizes},
  Author                   = {Lenstra, ArjenK. and Verheul, EricR.},
  Booktitle                = {Public Key Cryptography},
  Publisher                = {Springer Berlin Heidelberg},
  Year                     = {2000},
  Editor                   = {Imai, Hideki and Zheng, Yuliang},
  Pages                    = {446-465},
  Series                   = {Lecture Notes in Computer Science},
  Volume                   = {1751},

  Doi                      = {10.1007/978-3-540-46588-1_30},
  ISBN                     = {978-3-540-66967-8},
  Owner                    = {fergus},
  Timestamp                = {2013.12.12},
}

@InProceedings{TinyECC,
  Title                    = {{TinyECC: A Configurable Library for Elliptic Curve Cryptography in Wireless Sensor Networks}},
  Author                   = {An Liu and Peng Ning},
  Booktitle                = {Information Processing in Sensor Networks, 2008. IPSN '08. International Conference on},
  Year                     = {2008},
  Pages                    = {245-256},

  Doi                      = {10.1109/IPSN.2008.47},
  Keywords                 = {public key cryptography;software performance evaluation;telecommunication computing;telecommunication security;wireless sensor networks;Internet;TinyECC evaluation;configurable library;elliptic curve cryptography;public key cryptography;security services;software package;wireless sensor networks;Application software;Cryptographic protocols;Elliptic curve cryptography;IP networks;Public key cryptography;Software libraries;Software packages;Switches;Web and internet services;Wireless sensor networks;ECC;TinyECC;Wireless sensor network security;public key cryptography}
}

@InProceedings{MiniSec,
  Title                    = {MiniSec: a secure sensor network communication architecture},
  Author                   = {Luk, Mark and Mezzour, Ghita and Perrig, Adrian and Gligor, Virgil},
  Booktitle                = {Information Processing in Sensor Networks, 2007. IPSN 2007. 6th International Symposium on},
  Year                     = {2007},
  Organization             = {IEEE},
  Pages                    = {479--488},

  File                     = {:literature/./MiniSec - Luk, Mezzour, Perrig.pdf:PDF}
}

@InProceedings{HomeworkControl,
  Title                    = {Control and understanding: Owning your home network},
  Author                   = {Mortier, R. and Rodden, T. and Lodge, T. and McAuley, D. and Rotsos, C. and Moore, A.W. and Koliousis, A. and Sventek, J.},
  Booktitle                = {Communication Systems and Networks (COMSNETS), 2012 Fourth International Conference on},
  Year                     = {2012},
  Pages                    = {1-10},

  Doi                      = {10.1109/COMSNETS.2012.6151322},
  Keywords                 = {IP networks;business communication;computer network management;computerised monitoring;home networks;radio networks;routing protocols;telecommunication congestion control;telecommunication traffic;user interfaces;DNS resolution;IP layer;NOX;OpenFlow;backbone network;custom DHCP implementation;enterprise network;ethnographic study;finer-grained per-flow control;flow-based network management;home router;network traffic flow control;network traffic flow monitoring;protocol;traffic isolation;user interface;wireless home network;Home automation;IP networks;Performance evaluation;Routing protocols;User interfaces;Wireless communication}
}

@InProceedings{Homework,
  Title                    = {Homework: Putting Interaction into the Infrastructure},
  Author                   = {Mortier, Richard and Rodden, Tom and Tolmie, Peter and Lodge, Tom and Spencer, Robert and crabtree, Andy and Sventek, Joe and Koliousis, Alexandros},
  Booktitle                = {Proc. of the 25th Annual ACM Symposium on User Interface Software and Technology},
  Year                     = {2012},

  Address                  = {New York, NY, USA},
  Pages                    = {197--206},
  Publisher                = {ACM},
  Series                   = {UIST '12},

  Acmid                    = {2380143},
  Doi                      = {10.1145/2380116.2380143},
  ISBN                     = {978-1-4503-1580-7},
  Keywords                 = {home network, infrastructure, interaction},
  Location                 = {Cambridge, Massachusetts, USA},
  Numpages                 = {10},
}

@InProceedings{SecurityInWSN,
  Title                    = {Security in Wireless Sensor Networks},
  Author                   = {Perrig, Adrian and Stankovic, John and Wagner, David},
  Year                     = {2004},

  Address                  = {New York, NY, USA},
  Month                    = jun,
  Number                   = {6},
  Pages                    = {53--57},
  Publisher                = {ACM},
  Volume                   = {47},

  Acmid                    = {990707},
  Doi                      = {10.1145/990680.990707},
  File                     = {:literature/./Security in Wireless Sensor Networks - Perrig.pdf:PDF},
  ISSN                     = {0001-0782},
  Issue_date               = {June 2004},
  Journal                  = {Commun. ACM},
  Numpages                 = {5},
}

@InProceedings{SPINS,
  Title                    = {SPINS: Security Protocols for Sensor Networks},
  Author                   = {Perrig, Adrian and Szewczyk, Robert and Tygar, J. D. and Wen, Victor and Culler, David E.},
  Year                     = {2002},

  Address                  = {Secaucus, NJ, USA},
  Month                    = sep,
  Number                   = {5},
  Pages                    = {521--534},
  Publisher                = {Springer-Verlag New York, Inc.},
  Volume                   = {8},

  Acmid                    = {582464},
  Doi                      = {10.1023/A:1016598314198},
  File                     = {:literature/./SPINS Security Protocols for Sensor Networks - Perrig.pdf:PDF},
  ISSN                     = {1022-0038},
  Issue_date               = {September 2002},
  Journal                  = {Wirel. Netw.},
  Keywords                 = {MANET, authentication of wireless communication, cryptography, mobile ad hoc networks, secrecy and confidentiality, secure communication protocols, sensor networks},
  Numpages                 = {14},
}

@InProceedings{CertificatePairwise,
  Title                    = {Certificate-Based Pairwise Key Establishment Protocol for Wireless Sensor Networks},
  Author                   = {Porambage, Pawani and Kumar, Pardeep and Schmitt, Corinna and Gurtov, Andrei and Ylianttila, Mika},

  File                     = {:literature/./icess_paper.pdf:PDF}
}

@electronic{ECC,
  Title                    = {Standards for efficient cryptography â SEC 1: Elliptic curve cryptography},

  Author                   = {Certicom Research},
  HowPublished             = {\url{http://www.secg.org/download/aid-385/sec1_final.pdf}},
  Month                    = {September},
  Year                     = {2000},

  Owner                    = {fergus},
  Timestamp                = {2013.12.11},
  Url                      = {http://www.secg.org/download/aid-385/sec1_final.pdf}
}

@electronic{IETF_CORE,
  Title                    = {{IETF, Constrained RESTful Environments - Resource Discovery}},
  Author                   = {Z. Shelby},
  Note                     = {RFC6690, 1.2.1},
  Year                     = {2012}
}

@InProceedings{InformationPlane,
  Title                    = {An information plane architecture supporting home network management},
  Author                   = {Sventek, J. and Koliousis, A. and Sharma, O. and Dulay, N. and Pediaditakis, D. and Sloman, M. and Rodden, T. and Lodge, T. and Bedwell, B. and Glover, K. and Mortier, R.},
  Booktitle                = {Integrated Network Management (IM), 2011 IFIP/IEEE International Symposium on},
  Year                     = {2011},
  Pages                    = {1-8},

  Doi                      = {10.1109/INM.2011.5990667},
  Keywords                 = {access protocols;computer network management;computer network security;home computing;MAC address filtering;closed-loop management;enterprise network;firewall rule;home network management;homework information plane architecture;monitoring technique;network mask;networked system;nonexpert home user;policy-based management infrastructure;policy-based management system;stream database;visualization technique;Broadband communication;Databases;Extraterrestrial measurements;Mice;Monitoring;Protocols;home network;information plane;network management;network visualization;policy-based management}
}

@InProceedings{TinyPK,
  Title                    = {TinyPK: Securing Sensor Networks with Public Key Technology},
  Author                   = {Watro, Ronald and Kong, Derrick and Cuti, Sue-fen and Gardiner, Charles and Lynn, Charles and Kruus, Peter},
  Booktitle                = {Proc. of the 2Nd ACM Workshop on Security of Ad Hoc and Sensor Networks},
  Year                     = {2004},

  Address                  = {New York, NY, USA},
  Publisher                = {ACM},
  Series                   = {SASN '04},

  Acmid                    = {1029113},
  Doi                      = {10.1145/1029102.1029113},
  ISBN                     = {1-58113-972-1},
  Keywords                 = {TinyOS, authentication, cryptography, diffie-hellman, encryption, key management, public key (PK), rivest shamir adelman (RSA), sensor networks},
  Location                 = {Washington DC, USA},
  Numpages                 = {6},
}

@electronic{2013IoT,
  Title                    = {{2013: The year of the Internet of Things}},
  HowPublished             = {\url{http://www.technologyreview.com/view/509546/2013-the-year-of-the-internet-of-things/}},
  Note                     = {Accessed: 21/03/2013}
}

@electronic{Amazon,
  Title                    = {{Amazon Cloud outage}},
  HowPublished             = {\url{http://aws.amazon.com/message/680587/}},
  Note                     = {Accessed: 21/03/2013}
}

@electronic{ContikiECC,
  Title                    = {{ECC implementation for Contiki}},
  HowPublished             = {\url{http://score.ucsc.lk/projects/contikiecc}},
  Note                     = {Accessed: 21/03/2013}
}

@electronic{Google,
  Title                    = {{Google Mail outage}},
  HowPublished             = {\url{http://news.cnet.com/8301-1023_3-57415281-93/gmail-users-experience-outage/}},
  Note                     = {Accessed: 21/03/2013}
}

@electronic{HomeworkProject,
  Title                    = {{Homework project}},
  HowPublished             = {\url{https://www.homenetworks.ac.uk/}},
  Note                     = {Accessed: 21/03/2013}
}

@electronic{IFTTT,
  Title                    = {{If This Then That service}},
  HowPublished             = {\url{https://ifttt.com/}},
  Note                     = {Accessed: 21/03/2013}
}

@electronic{IoTWorm,
  Title                    = {{Linux IoT attack}},
  HowPublished             = {\url{http://www.symantec.com/connect/blogs/linux-worm-targeting-hidden-devices}},
  Note                     = {Accessed: 12/12/2013}
}

@electronic{K.Ashton,
  Title                    = {{Internet of Things first coined}},
  HowPublished             = {\url{http://www.rfidjournal.com/article/view/4986}},
  Note                     = {Accessed: 21/03/2013}
}

@electronic{Playstation,
  Title                    = {{Sony PSN Breach}},
  HowPublished             = {\url{http://blog.us.playstation.com/2011/04/26/update-on-playstation-network-and-qriocity/}},
  Note                     = {Accessed: 21/03/2013}
}

@electronic{SmartThings,
  Title                    = {{Smart Things IoT}},
  HowPublished             = {\url{http://smartthings.com/}},
  Note                     = {Accessed: 21/03/2013}
}
@electronic{NIST,
  Title                    = {{NIST: Recommendations for Transitioning the Use of Cryptographic Algorithms and Key Lengths}},
  HowPublished             = {\url{http://csrc.nist.gov/publications/nistpubs/800-131A/sp800-131A.pdf
}},
  Note                     = {Accessed: 21/03/2013}
}


@electronic{Twine,
  Title                    = {{Twine IoT Thing}},
  HowPublished             = {\url{http://supermechanical.com/}},
  Note                     = {Accessed: 21/03/2013}
}

@electronic{Xively,
  Title                    = {{Xively, IoT public cloud}},
  HowPublished             = {\url{https://xively.com/}},
  Note                     = {Accessed: 21/03/2013}
}

@electronic{xAP,
  Title                    = {{xAP protocol}},
  HowPublished             = {\url{http://www.xapautomation.org/}},
  Note                     = {Accessed: 21/03/2013}
}

@electronic{MiniSecLink,
  Title                    = {{MiniSec Homepage}},
  HowPublished             = {\url{https://sparrow.ece.cmu.edu/group/minisec.html}},
  Note                     = {Accessed: 21/03/2014}
}

@Article{TinyPBC,
  Title                    = {TinyPBC: Pairings for authenticated identity-based non-interactive key distribution in sensor networks },
  Author                   = {Leonardo B. Oliveira and Diego F. Aranha and Conrado P.L. GouvÃªa and Michael Scott and Danilo F. CÃ¢mara and Julio LÃ³pez and Ricardo Dahab},
  Journal                  = {Computer Communications },
  Year                     = {2011},
  Note                     = {Special Issue of Computer Communications on Information and Future Communication Security },
  Number                   = {3},
  Pages                    = {485 - 493},
  Volume                   = {34},

  Doi                      = {http://dx.doi.org/10.1016/j.comcom.2010.05.013},
  ISSN                     = {0140-3664},
  Keywords                 = {Key distribution},
}
@Article{MizanurRahman2010858,
  Title                    = {Private key agreement and secure communication for heterogeneous sensor networks },
  Author                   = {Sk.Md. Mizanur Rahman and Khalil El-Khatib},
  Journal                  = {Journal of Parallel and Distributed Computing },
  Year                     = {2010},
  Number                   = {8},
  Pages                    = {858 - 870},
  Volume                   = {70},

  Doi                      = {http://dx.doi.org/10.1016/j.jpdc.2010.03.009},
  ISSN                     = {0743-7315},
  Keywords                 = {Key agreement},
}

@Article{Shi2013235,
  Title                    = {Resource-efficient authentic key establishment in heterogeneous wireless sensor networks },
  Author                   = {Qi Shi and Ning Zhang and Madjid Merabti and Kashif Kifayat},
  Journal                  = {Journal of Parallel and Distributed Computing },
  Year                     = {2013},
  Number                   = {2},
  Volume                   = {73},

  Doi                      = {http://dx.doi.org/10.1016/j.jpdc.2012.10.004},
  ISSN                     = {0743-7315},
  Keywords                 = {Key establishment},
}

@article{OCB,
 author = {Rogaway, Phillip and Bellare, Mihir and Black, John},
 title = {OCB: A Block-cipher Mode of Operation for Efficient Authenticated Encryption},
 journal = {ACM Trans. Inf. Syst. Secur.},
 issue_date = {August 2003},
 volume = {6},
 number = {3},
 month = aug,
 year = {2003},
 issn = {1094-9224},
 pages = {365--403},
 numpages = {39},
 doi = {10.1145/937527.937529},
 acmid = {937529},
 publisher = {ACM},
 address = {New York, NY, USA},
 keywords = {AES, authenticity, block-cipher usage, cryptography, encryption, integrity, modes of operation, provable security, standards},
} 

@article{Skipjack,
 author = {Law, Yee Wei and Doumen, Jeroen and Hartel, Pieter},
 title = {Survey and Benchmark of Block Ciphers for Wireless Sensor Networks},
 journal = {ACM Trans. Sen. Netw.},
 issue_date = {February 2006},
 volume = {2},
 number = {1},
 month = feb,
 year = {2006},
 issn = {1550-4859},
 pages = {65--93},
 numpages = {29},
 doi = {10.1145/1138127.1138130},
 acmid = {1138130},
 publisher = {ACM},
 address = {New York, NY, USA},
 keywords = {Sensor networks, block ciphers, cryptography, energy efficiency},
} 

@electronic{MQTT,
  Title                    = {{IBM MQTT specification}},
  HowPublished             = {\url{http://www.ibm.com/developerworks/webservices/library/ws-mqtt/index.html}},
  Note                     = {Accessed: 21/03/2014}
}

@electronic{BelkinWemo,
  Title                    = {{Belkin IoT WeMo vulnerabilities press release}},
  HowPublished             = {\url{http://www.ioactive.com/news-events/IOActive_advisory_BelkinWemo_2014.html#Note_1}},
  Note                     = {Accessed: 21/03/2014}
}

@electronic{Stuxnet,
  Title                    = {{Stuxnet attack Symantec dossier}},
  HowPublished             = {\url{http://www.symantec.com/content/en/us/enterprise/media/security_response/whitepapers/w32_stuxnet_dossier.pdf}},
  Note                     = {Accessed: 21/03/2014}
}

@electronic{Belkin,
  Title                    = {{Belkin WeMo IoT devices}},
  HowPublished             = {\url{www.belkin.com/uk/Products/home-automation/c/wemo-home-automation/}},
  Note                     = {Accessed: 21/03/2014}
}

@inproceedings{Cache,
 author = {Sventek, Joseph and Koliousis, Alexandros},
 title = {Unification of Publish/Subscribe Systems and Stream Databases: The Impact on Complex Event Processing},
 booktitle = {Proc. of the 13th International Middleware Conference},
 series = {Middleware '12},
 year = {2012},
 isbn = {978-3-642-35169-3},
 location = {ontreal, Quebec, Canada},
 numpages = {20},
 acmid = {2442645},
 publisher = {Springer-Verlag New York, Inc.},
 address = {New York, NY, USA},
 keywords = {automata, cache, complex event processing, publish, streams, subscribe, user-defined functions},
} 

@Article{HomeworkInterface,
  Title                    = {House rules: the collaborative nature of policy in domestic networks},
  Author                   = {Crabtree, Andy and Rodden, Tom and Tolmie, Peter and Mortier, Richard and Lodge, Tom and Brundell, Pat and Pantidi, Nadia},
  Journal                  = {Personal and Ubiquitous Computing},
  Year                     = {2014},
  Pages                    = {1-13},
  Doi                      = {10.1007/s00779-014-0771-6},
  ISSN                     = {1617-4909},
  Keywords                 = {Home networks; Network policy and rules; Moral order; Collaborative interfaces; Ethnography},
  Language                 = {English},
  Publisher                = {Springer London},
}

@Article{SmartHomeFusion,
  Title                    = {Evidential fusion of sensor data for activity recognition in smart homes },
  Author                   = {Xin Hong and Chris Nugent and Maurice Mulvenna and Sally McClean and Bryan Scotney and Steven Devlin},
  Journal                  = {Pervasive and Mobile Computing },
  Year                     = {2009},
  Note                     = {<ce:title>Pervasive Health and Wellness Management</ce:title> },
  Number                   = {3},
  Pages                    = {236 - 252},
  Volume                   = {5},

  Doi                      = {http://dx.doi.org/10.1016/j.pmcj.2008.05.002},
  ISSN                     = {1574-1192},
  Keywords                 = {Smart homes},
  Url                      = {http://www.sciencedirect.com/science/article/pii/S157411920800045X}
}
@inproceedings{mavhome,
  title={MavHome: An agent-based smart home},
  author={Cook, Diane J and Youngblood, Michael and Heierman III, Edwin O and Gopalratnam, Karthik and Rao, Sira and Litvin, Andrey and Khawaja, Farhan},
  booktitle={Pervasive Computing and Communications, 2003.(PerCom 2003). Proceedings of the First IEEE International Conference on},
  pages={521--524},
  year={2003},
  organization={IEEE}
}